@article{Zhu13,
  title={Human tracking and counting using the kinect range sensor based on adaboost and kalman filter},
  author={Zhu, Lei and Wong, Kin-Hong},
  journal={Advances in Visual Computing},
  pages={582--591},
  year={2013},
  publisher={Springer Berlin Heidelberg}
}

@article{Viola04,
  title={Robust real-time face detection},
  author={Viola, Paul and Jones, Michael J},
  journal={International journal of computer vision},
  volume={57},
  number={2},
  pages={137--154},
  year={2004},
  publisher={Springer}
}

@inproceedings{Oren97,
  title={Pedestrian detection using wavelet templates},
  author={Oren, Michael and Papageorgiou, Constantine and Sinha, Pawan and Osuna, Edgar and Poggio, Tomaso},
  booktitle={Computer Vision and Pattern Recognition, 1997. Proceedings., 1997 IEEE Computer Society Conference on},
  pages={193--199},
  year={1997},
  organization={IEEE}
}

@article{Cormen09,
  title={Introduction to algorithms},
  author={Cormen, Thomas H},
  year={2009},
  publisher={MIT press}
}
