@article{Zhu13,
  title={Human tracking and counting using the kinect range sensor based on adaboost and kalman filter},
  author={Zhu, Lei and Wong, Kin-Hong},
  journal={Advances in Visual Computing},
  pages={582--591},
  year={2013},
  publisher={Springer Berlin Heidelberg}
}

@article{Viola04,
  title={Robust real-time face detection},
  author={Viola, Paul and Jones, Michael J},
  journal={International journal of computer vision},
  volume={57},
  number={2},
  pages={137--154},
  year={2004},
  publisher={Springer}
}

@inproceedings{Oren97,
  title={Pedestrian detection using wavelet templates},
  author={Oren, Michael and Papageorgiou, Constantine and Sinha, Pawan and Osuna, Edgar and Poggio, Tomaso},
  booktitle={Computer Vision and Pattern Recognition, 1997. Proceedings., 1997 IEEE Computer Society Conference on},
  pages={193--199},
  year={1997},
  organization={IEEE}
}

@article{Cormen09,
  title={Introduction to algorithms},
  author={Cormen, Thomas H},
  year={2009},
  publisher={MIT press}
}

@article{Russel95,
  title={Artificial intelligence: a modern approach},
  author={Russell, Stuart and Norvig, Peter},
  year={1995},
  publisher={Pearson}
}

@article{Haar10,
  title={Zur theorie der orthogonalen funktionensysteme},
  author={Haar, Alfred},
  journal={Mathematische Annalen},
  volume={69},
  number={3},
  pages={331--371},
  year={1910},
  publisher={Springer Berlin/Heidelberg}
}

@article{Jpeg2000,
  title={T. 800| ISO/IEC 15444-1,“},
  author={Rec, ITUT},
  journal={Information technology—JPEG},
  year={2000}
}

@inproceedings{Papageorgiou98,
  title={A general framework for object detection},
  author={Papageorgiou, Constantine P and Oren, Michael and Poggio, Tomaso},
  booktitle={Computer vision, 1998. sixth international conference on},
  pages={555--562},
  year={1998},
  organization={IEEE}
}

@article{Fisher36,
  title={The use of multiple measurements in taxonomic problems},
  author={Fisher, Ronald A},
  journal={Annals of eugenics},
  volume={7},
  number={2},
  pages={179--188},
  year={1936},
  publisher={Wiley Online Library}
}

@article{Freund97,
  title={A decision-theoretic generalization of on-line learning and an application to boosting},
  author={Freund, Yoav and Schapire, Robert E},
  journal={Journal of computer and system sciences},
  volume={55},
  number={1},
  pages={119--139},
  year={1997},
  publisher={Academic Press}
}

@article{Wang14,
  title={An Analysis of the Viola-Jones face detection algorithm},
  author={Wang, Yi-Qing},
  journal={Image Processing On Line},
  volume={4},
  pages={128--148},
  year={2014}
}